<record><leader>00000cas a22000007a 4500</leader><controlfield tag="001">30618051</controlfield><controlfield tag="008">940616d19821988azuwr ne      0    0eng d</controlfield><datafield ind1=" " ind2=" " tag="010"><subfield code="a">sn 94050858 </subfield></datafield><datafield ind1=" " ind2=" " tag="040"><subfield code="a">ANN</subfield><subfield code="b">eng</subfield><subfield code="c">ANN</subfield><subfield code="d">OCLCQ</subfield><subfield code="d">OCLCF</subfield><subfield code="d">OCLCO</subfield></datafield><datafield ind1="1" ind2=" " tag="029"><subfield code="a">AU@</subfield><subfield code="b">000011126250</subfield></datafield><datafield ind1=" " ind2=" " tag="042"><subfield code="a">msc</subfield></datafield><datafield ind1=" " ind2=" " tag="043"><subfield code="a">n-us-az</subfield></datafield><datafield ind1="0" ind2=" " tag="130"><subfield code="a">Chino Valley review (Chino Valley, Ariz. : 1982)</subfield></datafield><datafield ind1="1" ind2="0" tag="245"><subfield code="a">Chino Valley review.</subfield></datafield><datafield ind1=" " ind2=" " tag="260"><subfield code="a">Chino Valley, Ariz. :</subfield><subfield code="b">Chino Valley Review,</subfield><subfield code="c">-1988.</subfield></datafield><datafield ind1=" " ind2=" " tag="300"><subfield code="a">v. :</subfield><subfield code="b">ill.</subfield></datafield><datafield ind1=" " ind2=" " tag="310"><subfield code="a">Weekly,</subfield><subfield code="b">May 6, 1987-Jan. 27, 1988</subfield></datafield><datafield ind1=" " ind2=" " tag="321"><subfield code="a">Monthly,</subfield><subfield code="b">Oct. 1982-May 1986</subfield></datafield><datafield ind1=" " ind2=" " tag="321"><subfield code="a">Biweekly,</subfield><subfield code="b">June 11, 1986-Apr. 15, 1987</subfield></datafield><datafield ind1="0" ind2=" " tag="362"><subfield code="a">Vol. 1, no. 1 (Oct. 1982)-v. 6, no. 4 (Jan. 27, 1988).</subfield></datafield><datafield ind1=" " ind2="0" tag="651"><subfield code="a">Chino Valley (Ariz.)</subfield><subfield code="v">Newspapers.</subfield></datafield><datafield ind1=" " ind2="0" tag="651"><subfield code="a">Yavapai County (Ariz.)</subfield><subfield code="v">Newspapers.</subfield></datafield><datafield ind1=" " ind2="7" tag="655"><subfield code="a">Newspapers.</subfield><subfield code="2">fast</subfield><subfield code="0">(OCoLC)fst01423814</subfield></datafield><datafield ind1=" " ind2="7" tag="651"><subfield code="a">Arizona</subfield><subfield code="z">Chino Valley.</subfield><subfield code="2">fast</subfield><subfield code="0">(OCoLC)fst01226769</subfield></datafield><datafield ind1=" " ind2="7" tag="651"><subfield code="a">Arizona</subfield><subfield code="z">Yavapai County.</subfield><subfield code="2">fast</subfield><subfield code="0">(OCoLC)fst01217120</subfield></datafield><datafield ind1=" " ind2=" " tag="752"><subfield code="a">United States</subfield><subfield code="b">Arizona</subfield><subfield code="c">Yavapai</subfield><subfield code="d">Chino Valley.</subfield></datafield><datafield ind1="0" ind2="0" tag="785"><subfield code="t">Review (Chino Valley, Ariz.)</subfield><subfield code="w">(DLC)sn 94050862</subfield></datafield></record>